<?xml version="1.0" encoding="UTF-8"?><collection xmlns="http://www.loc.gov/MARC21/slim"><record><leader>00412nam--2200133-i-4500</leader><controlfield tag="001">000000226</controlfield><controlfield tag="002">20161230</controlfield><controlfield tag="005">20161230201023</controlfield><controlfield tag="008">060222s1000------------r-----000-0-eng-d</controlfield><datafield ind1=" " ind2=" " tag="100"><subfield code="a">Fridman, W.M., Kogan W.B</subfield></datafield><datafield ind1=" " ind2=" " tag="245"><subfield code="a">Handbuch der dampf-flussigkeits-gleichgewichte</subfield></datafield><datafield ind1=" " ind2=" " tag="260"><subfield code="a">Berlin, Veb Deutscher Verlag Der Wissenschaft. Li + 507 P</subfield></datafield><datafield ind1=" " ind2=" " tag="490"><subfield code="a">Physikalische-chemische Trenn-und Messmethoden</subfield></datafield><datafield ind1=" " ind2=" " tag="852"><subfield code="a">18785</subfield></datafield></record></collection>